@inproceedings{he2016deep,
  title={Deep residual learning for image recognition},
  author={He, Kaiming and Zhang, Xiangyu and Ren, Shaoqing and Sun, Jian},
  booktitle={Proceedings of the IEEE conference on computer vision and pattern recognition},
  pages={770--778},
  year={2016},
  url={https://arxiv.org/abs/1512.03385}
}

@inproceedings{tan2019efficientnet,
  title={Efficientnet: Rethinking model scaling for convolutional neural networks},
  author={Tan, Mingxing and Le, Quoc},
  booktitle={International conference on machine learning},
  pages={6105--6114},
  year={2019},
  organization={PMLR},
  url={https://arxiv.org/abs/1905.11946}
}

@inproceedings{tan2021efficientnetv2,
  title={Efficientnetv2: Smaller models and faster training},
  author={Tan, Mingxing and Le, Quoc},
  booktitle={International conference on machine learning},
  pages={10096--10106},
  year={2021},
  organization={PMLR},
  url={https://arxiv.org/abs/2104.00298}
}

@inproceedings{yosinski2014transferable,
  title={How transferable are features in deep neural networks?},
  author={Yosinski, Jason and Clune, Jeff and Bengio, Yoshua and Lipson, Hod},
  booktitle={Advances in neural information processing systems},
  volume={27},
  year={2014},
  url={https://arxiv.org/abs/1411.1792}
}

@inproceedings{khosla2011novel,
  title={Novel dataset for fine-grained image categorization},
  author={Khosla, Aditya and Jayadevaprakash, Nityananda and Yao, Bangpeng and Fei-Fei, Li},
  booktitle={First Workshop on Fine-Grained Visual Categorization, IEEE Conference on Computer Vision and Pattern Recognition},
  address={Colorado Springs, CO},
  year={2011},
  url={http://vision.stanford.edu/aditya86/ImageNetDogs/}
}

@inproceedings{kornblith2019better,
  title={Do better imagenet models transfer better?},
  author={Kornblith, Simon and Shlens, Jonathon and Le, Quoc V},
  booktitle={Proceedings of the IEEE/CVF conference on computer vision and pattern recognition},
  pages={2661--2671},
  year={2019},
  url={https://arxiv.org/abs/1805.08974}
}

@article{deng2009imagenet,
  title={Imagenet: A large-scale hierarchical image database},
  author={Deng, Jia and Dong, Wei and Socher, Richard and Li, Li-Jia and Li, Kai and Fei-Fei, Li},
  booktitle={2009 IEEE conference on computer vision and pattern recognition},
  pages={248--255},
  year={2009},
  organization={IEEE},
  url={https://ieeexplore.ieee.org/document/5206848}
}

